@ARTICLE{001,
	author={H. {Huijberts} and H. {Nijmeijer} and R. {Willems}},
	journal={IEEE Transactions on Circuits and Systems I: Fundamental Theory and Applications}, 
	title={System identification in communication with chaotic systems}, 
	year={2000},
	volume={47},
	number={6},
	pages={800-808},}

@article{002,
	author = {Nijmeijer, Henk},
	year = {2001},
	month = {06},
	pages = {219-228},
	title = {A dynamical control view on synchronization},
	volume = {154},
	journal = {Physica D: Nonlinear Phenomena},
	doi = {10.1016/S0167-2789(01)00251-2}
}

@article{003,
	author = {Fradkov, Alexander and Nijmeijer, Henk},
	year = {2000},
	month = {12},
	pages = {2807-2813},
	title = {Adaptive observer-based synchronization for communication},
	volume = {10},
	journal = {International Journal of Bifurcation and Chaos},
	doi = {10.1142/S0218127400001869}
}

